
@article{Pevtsov_2000,
doi = {10.1086/308467},
url = {https://dx.doi.org/10.1086/308467},
year = {2000},
month = {mar},
publisher = {},
volume = {531},
number = {1},
pages = {553},
author = {Pevtsov, Alexei A.},
title = {Transequatorial Loops in the Solar Corona},
journal = {The Astrophysical Journal}
}

@article{hathaway-2015,
	author = {Hathaway, David H.},
	journal = {Living Reviews in Solar Physics},
	month = {9},
	number = {1},
	title = {{The solar cycle}},
	volume = {12},
	year = {2015},
	doi = {10.1007/lrsp-2015-4},
	url = {https://doi.org/10.1007/lrsp-2015-4},
}

@misc{cermak-2025,
	author = {Cermak, Alicia},
	month = {1},
	title = {{- NASA Science}},
	year = {2025},
	url = {https://science.nasa.gov/learn/heat/big-ideas/big-idea-3-1/},
}

@article{asplund-2009,
	author = {given-i=M, given=Martin, family=Asplund and given-i=N, given=Nicolas, family=Grevesse and given-i=AJ, given={A. Jacques}, family=Sauval and given-i=P, given=Pat, family=Scott},
	date = {2009-08-20},
	doi = {10.1146/annurev.astro.46.060407.145222},
	journaltitle = {Annual Review of Astronomy and Astrophysics},
	number = {1},
	pages = {481--522},
	title = {The chemical composition of the sun},
	url = {https://doi.org/10.1146/annurev.astro.46.060407.145222},
	volume = {47},
}

@misc {SolarFlares,
      author = "Dana Longcope",
      title = "Solar Flares",
      year = "2020",
      month = "03",
      publisher = "Oxford University Press",
      doi = "10.1093/acrefore/9780190871994.013.20",
      url = "https://oxfordre.com/physics/view/10.1093/acrefore/9780190871994.001.0001/acrefore-9780190871994-e-20"
}

@article{lugaz-2017,
	author = {given-i=N, given=Noé, family=Lugaz and given-i=M, given=Manuela, family=Temmer and given-i=Y, given=Yuming, family=Wang and given-i=CJ, given={Charles J.}, family=Farrugia},
	date = {2017-04-01},
	doi = {10.1007/s11207-017-1091-6},
	journaltitle = {Solar Physics},
	number = {4},
	title = {The interaction of successive coronal mass ejections: a review},
	url = {https://doi.org/10.1007/s11207-017-1091-6},
	volume = {292},
}

@article{nhess-2018-92,
AUTHOR = {Palacios, J. and Guerrero, A. and Cid, C. and Saiz, E. and Cerrato, Y.},
TITLE = {Defining scale thresholds for geomagnetic storms through statistics},
JOURNAL = {Natural Hazards and Earth System Sciences Discussions},
VOLUME = {2018},
YEAR = {2018},
PAGES = {1--17},
URL = {https://nhess.copernicus.org/preprints/nhess-2018-92/},
DOI = {10.5194/nhess-2018-92}
}

@article{lugaz-2005,
	author = {given-i=N, given=N., family=Lugaz and given-i=WB, given={W. B.}, family=Manchester, suffix=IV and given-i=TI, given={T. I.}, family=Gombosi},
	date = {2005-11-15},
	doi = {10.1086/491782},
	journaltitle = {The Astrophysical Journal},
	number = {1},
	pages = {651--662},
	title = {Numerical Simulation of the Interaction of Two Coronal Mass Ejections from Sun to Earth},
	url = {https://doi.org/10.1086/491782},
	volume = {634}
}

@BOOK{2014swcm.book.....H,
       author = {{Howard}, T.},
        title = "{Space Weather and Coronal Mass Ejections}",
         year = 2014,
          doi = {10.1007/978-1-4614-7975-8},
       adsurl = {https://ui.adsabs.harvard.edu/abs/2014swcm.book.....H},
      adsnote = {Provided by the SAO/NASA Astrophysics Data System},
    publisher = {SpringerBriefs in Astronomy}
}

@ARTICLE{2004ApJ...616L.171S,
       author = {{Sokolov}, I.~V. and {Roussev}, I.~I. and {Gombosi}, T.~I. and {Lee}, M.~A. and {K{\'o}ta}, J. and {Forbes}, T.~G. and {Manchester}, W.~B. and {Sakai}, J.~I.},
        title = "{A New Field Line Advection Model for Solar Particle Acceleration}",
      journal = {Astrophysical Journal Letters},
     keywords = {Acceleration of Particles, Magnetohydrodynamics: MHD, Shock Waves, Sun: Coronal Mass Ejections (CMEs), Sun: Magnetic Fields},
         year = 2004,
        month = dec,
       volume = {616},
       number = {2},
        pages = {L171-L174},
          doi = {10.1086/426812},
       adsurl = {https://ui.adsabs.harvard.edu/abs/2004ApJ...616L.171S},
      adsnote = {Provided by the SAO/NASA Astrophysics Data System}
}

@article{stakhiv-2015,
	author = {Stakhiv, Mark and Landi, Enrico and Lepri, Susan T. and Oran, Rona and Zurbuchen, Thomas H.},
	journal = {The Astrophysical Journal},
	month = {3},
	number = {2},
	pages = {100},
	title = {{ON THE ORIGIN OF MID-LATITUDE FAST WIND: CHALLENGING THE TWO-STATE SOLAR WIND PARADIGM}},
	volume = {801},
	year = {2015},
	doi = {10.1088/0004-637x/801/2/100},
	url = {https://doi.org/10.1088/0004-637x/801/2/100}
}

@article{mayank-2023,
	author = {given-i=P, given=Prateek, family=Mayank and given-i=B, given=Bhargav, family=Vaidya and given-i=W, given=Wageesh, family=Mishra and given-i=D, given=D., family=Chakrabarty},
	date = {2023-12-28},
	doi = {10.3847/1538-4365/ad08c7},
	journaltitle = {The Astrophysical Journal Supplement Series},
	number = {1},
	pages = {10},
	title = {SWASTi-CME: A Physics-based Model to Study Coronal Mass Ejection Evolution and Its Interaction with Solar Wind},
	url = {https://doi.org/10.3847/1538-4365/ad08c7},
	volume = {270},
}

@article{mishra-2017,
	author = {given-i=W, given=Wageesh, family=Mishra and given-i=Y, given=Yuming, family=Wang and given-i=N, given=Nandita, family=Srivastava and given-i=C, given=Chenglong, family=Shen},
	date = {2017-08-24},
	doi = {10.3847/1538-4365/aa8139},
	journaltitle = {The Astrophysical Journal Supplement Series},
	number = {1},
	pages = {5},
	title = {Assessing the nature of collisions of coronal mass ejections in the inner heliosphere},
	url = {https://doi.org/10.3847/1538-4365/aa8139},
	volume = {232},
}

@article{gopalswamy-2001,
	author = {given-i=N, given=N., family=Gopalswamy and given-i=S, given=S., family=Yashiro and given-i=ML, given={M. L.}, family=Kaiser and given-i=RA, given={R. A.}, family=Howard and given-i=J, given=J.-l., family=Bougeret},
	date = {2001-02-10},
	doi = {10.1086/318939},
	journaltitle = {The Astrophysical Journal},
	number = {1},
	pages = {L91--L94},
	title = {Radio Signatures of Coronal mass ejection interaction: Coronal Mass ejection Cannibalism?},
	url = {https://doi.org/10.1086/318939},
	volume = {548},
}

@article{gonzalez-esparza-2004,
	author = {given-i=A, given=A., family=Gonzalez-Esparza and given-i=A, given=A., family=Santillán and given-i=J, given=J., family=Ferrer},
	date = {2004-11-03},
	doi = {10.5194/angeo-22-3741-2004},
	journaltitle = {Annales Geophysicae},
	number = {10},
	pages = {3741--3749},
	title = {A numerical study of the interaction between two ejecta in the interplanetary medium: one- and two-dimensional hydrodynamic simulations},
	url = {https://doi.org/10.5194/angeo-22-3741-2004},
	volume = {22},
}

@article{wang-2005,
	author = {given-i=Y, given=Y., family=Wang and given-i=H, given=H., family=Zheng and given-i=S, given=S., family=Wang and given-i=P, given=P., family=Ye},
	date = {2005-04-01},
	doi = {10.1051/0004-6361:20041423},
	journaltitle = {Astronomy and Astrophysics},
	number = {1},
	pages = {309--316},
	title = {MHD simulation of the formation and propagation of multiple magnetic clouds in the heliosphere},
	url = {https://doi.org/10.1051/0004-6361:20041423},
	volume = {434},
}

@article{stone-1992,
	author = {given-i=JM, given={James M.}, family=Stone and given-i=D, given=Dimitri, family=Mihalas and given-i=ML, given={Michael L.}, family=Norman},
	date = {1992-06-01},
	doi = {10.1086/191682},
	journaltitle = {The Astrophysical Journal Supplement Series},
	pages = {819},
	title = {ZEUS-2D: A radiation magnetohydrodynamics code for astrophysical flows in two space dimensions. III - The radiation hydrodynamic algorithms and tests},
	url = {https://doi.org/10.1086/191682},
	volume = {80},
}

@book{JeffreyTaniuti1964,
  author    = {Jeffrey, A. and Taniuti, T.},
  title     = {Non-linear wave propagation with applications to physics and magnetohydrodynamics},
  publisher = {Academic Press},
  address   = {New York, London},
  year      = {1964}
}

@article{singh-2025,
	author = {given-i=T, given=Talwinder, family=Singh and given-i=DV, given={Dinesha V.}, family=Hegde and given-i=TK, given={Tae K.}, family=Kim and given-i=NV, given={Nikolai V.}, family=Pogorelov},
	date = {2025-02-26},
	doi = {10.3847/1538-4357/adb1ac},
	journaltitle = {The Astrophysical Journal},
	number = {1},
	pages = {53},
	title = {Magnetohydrodynamic Simulation of a Coronal Mass Ejection Observed during the Near-radial Alignment of Solar Orbiter and Earth},
	url = {https://doi.org/10.3847/1538-4357/adb1ac},
	volume = {981},
}

@article{lyman-1939,
	author = {Lyman, Jr. Spitzer},
	journal = {The Astrophysical Journal},
	month = {12},
	pages = {675},
	title = {{The dissipation of planetary filaments.}},
	volume = {90},
	year = {1939},
	doi = {10.1086/144138},
	url = {https://doi.org/10.1086/144138},
}

@article{mayank-2022,
	author = {given-i=P, given=Prateek, family=Mayank and given-i=B, given=Bhargav, family=Vaidya and given-i=D, given=D., family=Chakrabarty},
	date = {2022-09-01},
	doi = {10.3847/1538-4365/ac8551},
	journaltitle = {The Astrophysical Journal Supplement Series},
	number = {1},
	pages = {23},
	title = {SWASTI-SW: Space Weather Adaptive Simulation Framework for Solar Wind and its relevance to the Aditya-L1 Mission},
	url = {https://doi.org/10.3847/1538-4365/ac8551},
	volume = {262},
}

@article{mayank-2023,
	author = {given-i=P, given=Prateek, family=Mayank and given-i=B, given=Bhargav, family=Vaidya and given-i=W, given=Wageesh, family=Mishra and given-i=D, given=D., family=Chakrabarty},
	date = {2023-12-28},
	doi = {10.3847/1538-4365/ad08c7},
	journaltitle = {The Astrophysical Journal Supplement Series},
	number = {1},
	pages = {10},
	title = {SWASTi-CME: A Physics-based Model to Study Coronal Mass Ejection Evolution and Its Interaction with Solar Wind},
	url = {https://doi.org/10.3847/1538-4365/ad08c7},
	volume = {270},
}


@article{zhang-2006,
	author = {Zhang, J. and Dere, K. P.},
	journal = {The Astrophysical Journal},
	month = {9},
	number = {2},
	pages = {1100--1109},
	title = {{A statistical study of main and residual accelerations of coronal mass ejections}},
	volume = {649},
	year = {2006},
	doi = {10.1086/506903},
	url = {https://doi.org/10.1086/506903},
}
@article{gallagher-2003,
	author = {given-i=PT, given={Peter T.}, family=Gallagher and given-i=GR, given={Gareth R.}, family=Lawrence and given-i=BR, given={Brian R.}, family=Dennis},
	date = {2003-04-04},
	doi = {10.1086/375504},
	journaltitle = {The Astrophysical Journal},
	number = {1},
	pages = {L53--L56},
	title = {Rapid acceleration of a coronal mass ejection in the low corona and implications for propagation},
	url = {https://doi.org/10.1086/375504},
	volume = {588},
}

@article{riley-2004,
	author = {Riley, Pete and Crooker, N. U.},
	journal = {The Astrophysical Journal},
	month = {1},
	number = {2},
	pages = {1035--1042},
	title = {{Kinematic treatment of coronal mass ejection evolution in the solar Wind}},
	volume = {600},
	year = {2004},
	doi = {10.1086/379974},
	url = {https://doi.org/10.1086/379974},
}

@article{odstrcil-2002,
	author = {Odstrcil, D. and Linker, J. A. and Lionello, R. and Mikic, Z. and Riley, P. and Pizzo, V. J. and Luhmann, J. G.},
	journal = {Journal of Geophysical Research Atmospheres},
	month = {12},
	number = {A12},
	title = {{Merging of coronal and heliospheric numerical two‐dimensional MHD models}},
	volume = {107},
	year = {2002},
	doi = {10.1029/2002ja009334},
	url = {https://doi.org/10.1029/2002ja009334},
}

@book{cowling-1976,
	author = {Cowling, Thomas George},
	month = {1},
	title = {{Magnetohydrodynamics}},
	year = {1976},
}

@book{2010anaxagoras,
  title={Anaxagoras of Clazomenae: Fragments and Testimonia : a Text and Translation with Notes and Essays},
  author={Curd, P.},
  isbn={9781442611634},
  series={Phoenix pre-Socratics},
  url={https://books.google.com.ni/books?id=240MF0fzc8wC},
  year={2010},
  publisher={University of Toronto Press}
}

@book{vaquero-2009,
    author = {Vaquero, J.M. and Vázquez, M.},
    month = {5},
    publisher = {Springer},
    title = {The Sun recorded through history},
    year = {2009},
    pages = {115--117},
    isbn = {978-0-387-92789-3}
}

@ARTICLE{1879MmRAS..41..483.,
        title = "{Photographs and Drawings of the Corona}",
      journal = {Monthly Notices of the Royal Astronomical Society},
         year = 1879,
        month = jan,
       volume = {41},
        pages = {575},
       adsurl = {https://ui.adsabs.harvard.edu/abs/1879MmRAS..41..483.},
      adsnote = {Provided by the SAO/NASA Astrophysics Data System}
}

@article{parker-1958,
	author = {Parker, E. N.},
	journal = {The Astrophysical Journal},
	month = {11},
	pages = {664},
	title = {{Dynamics of the interplanetary gas and magnetic fields.}},
	volume = {128},
	year = {1958},
	doi = {10.1086/146579},
	url = {https://doi.org/10.1086/146579},
}

@ARTICLE{1951ZA.....29..274B,
       author = {{Biermann}, L.},
        title = "{Kometenschweife und solare Korpuskularstrahlung}",
      journal = {Zeitschrift für Astrophysik},
         year = 1951,
        month = jan,
       volume = {29},
        pages = {274},
       adsurl = {https://ui.adsabs.harvard.edu/abs/1951ZA.....29..274B},
      adsnote = {Provided by the SAO/NASA Astrophysics Data System}
}

@article{stone-2013,
	author = {Stone, E. C. and Cummings, A. C. and McDonald, F. B. and Heikkila, B. C. and Lal, N. and Webber, W. R.},
	journal = {Science},
	month = {6},
	number = {6142},
	pages = {150--153},
	title = {{Voyager 1 observes Low-Energy galactic cosmic rays in a region depleted of heliospheric ions}},
	volume = {341},
	year = {2013},
	doi = {10.1126/science.1236408},
	url = {https://doi.org/10.1126/science.1236408},
}

@book{hoffmann-1987,
	author = {Hoffmann, Banesh and Bunge, Mario Augusto},
	month = {1},
	title = {{Einstein}},
	year = {1987},
}